<record><leader>00000cas a2200000 a 4500</leader><controlfield tag="001">32228035</controlfield><controlfield tag="007">hd bfu---baat</controlfield><controlfield tag="007">hd afu---bact</controlfield><controlfield tag="008">950330d19111969nbuwr nea     0    0eng c</controlfield><datafield ind1=" " ind2=" " tag="010"><subfield code="a">sn 95069408 </subfield></datafield><datafield ind1=" " ind2=" " tag="040"><subfield code="a">NVG</subfield><subfield code="b">eng</subfield><subfield code="c">NVG</subfield><subfield code="d">OCLCQ</subfield><subfield code="d">OCLCF</subfield><subfield code="d">OCLCO</subfield><subfield code="d">OCLCQ</subfield></datafield><datafield ind1=" " ind2=" " tag="042"><subfield code="a">pcc</subfield></datafield><datafield ind1=" " ind2=" " tag="043"><subfield code="a">n-us-nb</subfield></datafield><datafield ind1="0" ind2=" " tag="130"><subfield code="a">Tribune-sentinel (Grant, Neb.)</subfield></datafield><datafield ind1="1" ind2="4" tag="245"><subfield code="a">The tribune-sentinel.</subfield></datafield><datafield ind1=" " ind2=" " tag="260"><subfield code="a">Grant, Neb. :</subfield><subfield code="b">Anson K. Holmes,</subfield><subfield code="c">1911-1969.</subfield></datafield><datafield ind1=" " ind2=" " tag="300"><subfield code="a">58 volumes</subfield></datafield><datafield ind1=" " ind2=" " tag="310"><subfield code="a">Weekly</subfield></datafield><datafield ind1=" " ind2=" " tag="336"><subfield code="a">text</subfield><subfield code="b">txt</subfield><subfield code="2">rdacontent</subfield></datafield><datafield ind1=" " ind2=" " tag="337"><subfield code="a">microform</subfield><subfield code="b">h</subfield><subfield code="2">rdamedia</subfield></datafield><datafield ind1=" " ind2=" " tag="338"><subfield code="a">microfilm reel</subfield><subfield code="b">hd</subfield><subfield code="2">rdacarrier</subfield></datafield><datafield ind1="0" ind2=" " tag="362"><subfield code="a">Vol. 14, no. 9 (Feb. 2, 1911)-v. 71, no. 16 (Feb. 13, 1969).</subfield></datafield><datafield ind1=" " ind2=" " tag="580"><subfield code="a">Formed by the union of: Perkins county tribune, and: Perkins County sentinel (Grant, Neb. : 1897).</subfield></datafield><datafield ind1=" " ind2=" " tag="533"><subfield code="a">Microfilm.</subfield><subfield code="m">1911-1969:[Gaps]</subfield><subfield code="b">Lincoln, Neb. :</subfield><subfield code="c">Nebraska State Historical Society.</subfield><subfield code="e">21 microfilm reels ; 35 mm.</subfield></datafield><datafield ind1=" " ind2="0" tag="651"><subfield code="a">Perkins County (Neb.)</subfield><subfield code="v">Newspapers.</subfield></datafield><datafield ind1=" " ind2="7" tag="651"><subfield code="a">Nebraska</subfield><subfield code="z">Perkins County.</subfield><subfield code="2">fast</subfield><subfield code="0">(OCoLC)fst01237621</subfield></datafield><datafield ind1=" " ind2="7" tag="655"><subfield code="a">Newspapers.</subfield><subfield code="2">fast</subfield><subfield code="0">(OCoLC)fst01423814</subfield></datafield><datafield ind1=" " ind2=" " tag="752"><subfield code="a">United States</subfield><subfield code="b">Nebraska</subfield><subfield code="c">Perkins</subfield><subfield code="d">Grant.</subfield></datafield><datafield ind1="1" ind2="4" tag="780"><subfield code="t">Perkins County tribune</subfield><subfield code="w">(DLC)sn 95069407</subfield></datafield><datafield ind1="1" ind2="4" tag="780"><subfield code="t">Perkins County sentinel (Grant, Neb. : 1897)</subfield><subfield code="w">(DLC)sn 95069412</subfield></datafield><datafield ind1="0" ind2="5" tag="780"><subfield code="t">Madrid herald (Madrid, Neb.)</subfield><subfield code="w">(DLC)sn 95069404</subfield></datafield><datafield ind1="0" ind2="0" tag="785"><subfield code="t">Grant tribune-sentinel</subfield><subfield code="w">(DLC)sn 95069409</subfield></datafield><datafield ind1="1" ind2=" " tag="029"><subfield code="a">AU@</subfield><subfield code="b">000024762398</subfield></datafield></record>